@article{Lee:2007,
  author  = {Peter C. Gordon and Hanjung Lee and Yoonhyoung Lee},
  title   = {Linguistic complexity and information structure in Korean: Evidence from eye-tracking during reading},
  year    = {2007},
  journal = {Cognition},
  volume  = {104},
  number  = {3},
  pages   = {495--534},
  doi     = {https://doi.org/10.1016/j.cognition.2006.07.013}
}


@article{Cagri:18,
  title   = {Using Universal Dependencies in cross-linguistic complexity research},
  author  = {Aleksandrs Berdicevskis and Çağrı Çöltekin and Katharina Ehret and Kilu von Prince and Daniel Ross and Bill Thompson and Chunxiao Yan and Vera Demberg and Gary Lupyan and Taraka Rama and Christian Bentz},
  journal = {Proceedings of the Second Workshop on Universal Dependencies (UDW 2018)},
  pages   = {8--17},
  year    = {2018}
}

@inproceedings{berzak2016tle,
  author    = {Berzak, Yevgeni and Kenney, Jessica and Spadine, Carolyn and Wang, Jing Xian and Lam, Lucia and Mori, Keiko Sophie and Garza, Sebastian and Katz, Boris},
  title     = {Universal Dependencies for Learner English},
  booktitle = {Proceedings of the 54th Annual Meeting of the Association for Computational Linguistics (Volume 1: Long Papers)},
  year      = {2016},
  publisher = {Association for Computational Linguistics},
  pages     = {737--746},
  url       = {http://www.aclweb.org/anthology/P16-1070}
}

@inproceedings{yannakoudakis2011fce,
  title        = {A new dataset and method for automatically grading ESOL texts},
  author       = {Yannakoudakis, Helen and Briscoe, Ted and Medlock, Ben},
  booktitle    = {Proceedings of the 49th Annual Meeting of the Association for Computational Linguistics: Human Language Technologies-Volume 1},
  pages        = {180--189},
  year         = {2011},
  organization = {Association for Computational Linguistics}
}

@article{Zeldes2017,
  author  = {Amir Zeldes},
  title   = {The {GUM} Corpus: Creating Multilayer Resources in the Classroom},
  journal = {Language Resources and Evaluation},
  year    = {2017},
  volume  = {51},
  number  = {3},
  pages   = {581--612},
  doi     = {http://dx.doi.org/10.1007/s10579-016-9343-x}
}

@inproceedings{silveira14gold,
  year      = {2014},
  author    = {Natalia Silveira and Timothy Dozat and Marie-Catherine de
               Marneffe and Samuel Bowman and Miriam Connor and John Bauer and
               Christopher D. Manning},
  title     = {A Gold Standard Dependency Corpus for {E}nglish},
  booktitle = {Proceedings of the Ninth International Conference on Language
               Resources and Evaluation (LREC-2014)}
}


@inproceedings{hdtextra,
  year         = {2014},
  author       = {Kilian Foth and Arne Köhn and Niels Beuck and Wolfgang Menzel},
  title        = {Because Size Does Matter: The Hamburg Dependency Treebank},
  booktitle    = {Proceedings of the Language Resources and Evaluation Conference 2014},
  organization = {Reykjavik, Iceland: European Language Resources Association (ELRA)},
  pages        = {2326--2333}
}

@article{hdtguide,
  author  = {Kilian A. Foth},
  title   = {Eine umfassende Constraint-Dependenz-Grammatik des Deutschen},
  year    = {2006},
  journal = {Universität Hamburg}
}

@inproceedings{szeged,
  year      = {2010},
  author    = {Veronika Vincze and Dóra Szauter and Attila Almási and György Móra and Zoltán Alexin and János Csirik},
  title     = {Hungarian Dependency Treebank},
  booktitle = {Proceedings of the Seventh Conference on International Language Resources and Evaluation (LREC'10)}
}