% Use this file for citations not found in the ACL Anthology (contained in "anthology.bib").


@inproceedings{corenlp,
  author     = {Manning, Christopher D. and Surdeanu, Mihai and Bauer, John and Finkel, Jenny and Bethard, Steven J. and McClosky, David},
  booktitle  = {Association for Computational Linguistics (ACL) System Demonstrations},
  pages      = {55--60},
  title      = {The {Stanford} {CoreNLP} Natural Language Processing Toolkit},
  url        = {http://www.aclweb.org/anthology/P/P14/P14-5010},
  year       = {2014},
  bdsk-url-1 = {http://www.aclweb.org/anthology/P/P14/P14-5010}
}


@misc{brown2020language,
  title         = {Language Models are Few-Shot Learners},
  author        = {Tom B. Brown and Benjamin Mann and Nick Ryder and Melanie Subbiah and Jared Kaplan and Prafulla Dhariwal and Arvind Neelakantan and Pranav Shyam and Girish Sastry and Amanda Askell and Sandhini Agarwal and Ariel Herbert-Voss and Gretchen Krueger and Tom Henighan and Rewon Child and Aditya Ramesh and Daniel M. Ziegler and Jeffrey Wu and Clemens Winter and Christopher Hesse and Mark Chen and Eric Sigler and Mateusz Litwin and Scott Gray and Benjamin Chess and Jack Clark and Christopher Berner and Sam McCandlish and Alec Radford and Ilya Sutskever and Dario Amodei},
  year          = {2020},
  eprint        = {2005.14165},
  archiveprefix = {arXiv},
  primaryclass  = {cs.CL}
}

@inproceedings{LoperBird02,
  author    = {Edward Loper and Steven Bird},
  title     = {{NLTK: The Natural Language Toolkit}},
  booktitle = {Proceedings of the ACL Workshop on Effective Tools and
               Methodologies for Teaching Natural Language Processing and Computational
               Linguistics},
  year      = 2002,
  publisher = {Somerset, NJ: Association for Computational Linguistics},
  pages     = {62--69},
  note      = {\url{http://arXiv.org/abs/cs/0205028}}
}